<?xml version="1.0" encoding="UTF-8" standalone="no"?>
<searchRetrieveResponse xmlns="http://www.loc.gov/zing/srw/">
	<version>1.2</version>
	<numberOfRecords>20</numberOfRecords>
	<records>
		<record>
			<recordSchema>marcxml</recordSchema>
			<recordPacking>xml</recordPacking>
			<recordData>
				<record xmlns="http://www.loc.gov/MARC21/slim">
					<leader>04269nam a2200913 c 4500</leader>
					<controlfield tag="001">991070031889705501</controlfield>
					<controlfield tag="005">20201229212454.0</controlfield>
					<controlfield tag="008">201011s2000    gw            00| | ger^^</controlfield>
					<datafield ind1=" " ind2=" " tag="020">
						<subfield code="a">3406441823</subfield>
					</datafield>
					<datafield ind1=" " ind2=" " tag="035">
						<subfield code="a">(swissbib)214837432-41slsp_network</subfield>
					</datafield>
					<datafield ind1=" " ind2=" " tag="035">
						<subfield code="a">214837432</subfield>
						<subfield code="9">ExL</subfield>
					</datafield>
					<datafield ind1=" " ind2=" " tag="035">
						<subfield code="a">(NEBIS)004102718EBI01</subfield>
					</datafield>
					<datafield ind1=" " ind2=" " tag="035">
						<subfield code="a">(IDSBB)002027499DSV01</subfield>
					</datafield>
					<datafield ind1=" " ind2=" " tag="035">
						<subfield code="a">(IDSLU)000358063ILU01</subfield>
					</datafield>
					<datafield ind1=" " ind2=" " tag="035">
						<subfield code="a">(IDSSG)000504223HSB01</subfield>
					</datafield>
					<datafield ind1=" " ind2=" " tag="040">
						<subfield code="a">IDS NEBIS SIK</subfield>
						<subfield code="d">CH-ZuSLS</subfield>
					</datafield>
					<datafield ind1=" " ind2="7" tag="072">
						<subfield code="a">kh</subfield>
						<subfield code="2">SzZuIDS BS/BE</subfield>
					</datafield>
					<datafield ind1=" " ind2="7" tag="072">
						<subfield code="a">gw</subfield>
						<subfield code="2">SzZuIDS BS/BE</subfield>
					</datafield>
					<datafield ind1=" " ind2="7" tag="072">
						<subfield code="a">630</subfield>
						<subfield code="2">IDS LU</subfield>
					</datafield>
					<datafield ind1="0" ind2="0" tag="082">
						<subfield code="a">909</subfield>
						<subfield code="2">23</subfield>
					</datafield>
					<datafield ind1="0" ind2="4" tag="082">
						<subfield code="a">709</subfield>
						<subfield code="2">21</subfield>
					</datafield>
					<datafield ind1="1" ind2="4" tag="082">
						<subfield code="a">907.2</subfield>
						<subfield code="2">21</subfield>
					</datafield>
					<datafield ind1="1" ind2="4" tag="082">
						<subfield code="a">709</subfield>
					</datafield>
					<datafield ind1=" " ind2=" " tag="084">
						<subfield code="a">9,10</subfield>
						<subfield code="2">ssgn</subfield>
					</datafield>
					<datafield ind1=" " ind2=" " tag="084">
						<subfield code="a">CG 2100</subfield>
						<subfield code="2">rvk</subfield>
					</datafield>
					<datafield ind1=" " ind2=" " tag="084">
						<subfield code="a">LH 63190</subfield>
						<subfield code="2">rvk</subfield>
					</datafield>
					<datafield ind1=" " ind2=" " tag="084">
						<subfield code="a">LH 64840</subfield>
						<subfield code="2">rvk</subfield>
					</datafield>
					<datafield ind1=" " ind2=" " tag="084">
						<subfield code="a">NB 6128</subfield>
						<subfield code="2">rvk</subfield>
					</datafield>
					<datafield ind1=" " ind2=" " tag="084">
						<subfield code="a">NK 7800</subfield>
						<subfield code="2">rvk</subfield>
					</datafield>
					<datafield ind1="1" ind2=" " tag="100">
						<subfield code="a">Burckhardt, Jacob</subfield>
						<subfield code="d">1818-1897</subfield>
						<subfield code="0">(DE-588)11851752X</subfield>
					</datafield>
					<datafield ind1="1" ind2="0" tag="245">
						<subfield code="a">Aesthetik der bildenden Kunst</subfield>
						<subfield code="b">; Über das Studium der Geschichte</subfield>
						<subfield code="c">Jacob Burckhardt ; aus dem Nachlass hrsg. von Peter Ganz ; mit dem Text der "Weltgeschichtlichen Betrachtungen" in der Fassung von 1905</subfield>
					</datafield>
					<datafield ind1=" " ind2="1" tag="264">
						<subfield code="a">München</subfield>
						<subfield code="b">Beck</subfield>
						<subfield code="c">2000</subfield>
					</datafield>
					<datafield ind1=" " ind2=" " tag="300">
						<subfield code="a">695 S.</subfield>
						<subfield code="c">23 cm</subfield>
					</datafield>
					<datafield ind1=" " ind2=" " tag="336">
						<subfield code="b">txt</subfield>
						<subfield code="2">rdacontent</subfield>
					</datafield>
					<datafield ind1=" " ind2=" " tag="337">
						<subfield code="b">n</subfield>
						<subfield code="2">rdamedia</subfield>
					</datafield>
					<datafield ind1=" " ind2=" " tag="338">
						<subfield code="b">nc</subfield>
						<subfield code="2">rdacarrier</subfield>
					</datafield>
					<datafield ind1="1" ind2=" " tag="490">
						<subfield code="a">Werke / Jacob Burckhardt</subfield>
						<subfield code="v">Band 10</subfield>
					</datafield>
					<datafield ind1=" " ind2=" " tag="500">
						<subfield code="a">Mit dem Text der "Weltgeschichtlichen Betrachtungen" in der Fassung von 1905</subfield>
					</datafield>
					<datafield ind1="1" ind2="7" tag="600">
						<subfield code="a">Burckhardt, Jacob</subfield>
						<subfield code="d">1818-1897</subfield>
						<subfield code="0">(DE-588)11851752X</subfield>
						<subfield code="2">gnd</subfield>
					</datafield>
					<datafield ind1=" " ind2="7" tag="648">
						<subfield code="a">Geschichte</subfield>
						<subfield code="2">idszbz</subfield>
					</datafield>
					<datafield ind1=" " ind2="7" tag="650">
						<subfield code="a">Ästhetik</subfield>
						<subfield code="2">idszbz</subfield>
					</datafield>
					<datafield ind1=" " ind2="7" tag="650">
						<subfield code="a">Geschichtsphilosophie</subfield>
						<subfield code="2">idszbz</subfield>
					</datafield>
					<datafield ind1=" " ind2="7" tag="650">
						<subfield code="a">Geschichtswissenschaft</subfield>
						<subfield code="2">idszbz</subfield>
					</datafield>
					<datafield ind1=" " ind2="7" tag="650">
						<subfield code="a">Kunst</subfield>
						<subfield code="2">idszbz</subfield>
					</datafield>
					<datafield ind1=" " ind2="7" tag="650">
						<subfield code="a">Studium</subfield>
						<subfield code="2">idszbz</subfield>
					</datafield>
					<datafield ind1=" " ind2="7" tag="650">
						<subfield code="a">Weltgeschichte</subfield>
						<subfield code="0">(DE-588)4079158-0</subfield>
						<subfield code="2">gnd</subfield>
					</datafield>
					<datafield ind1=" " ind2="0" tag="650">
						<subfield code="a">Aesthetics</subfield>
					</datafield>
					<datafield ind1=" " ind2="0" tag="650">
						<subfield code="a">Aesthetics, Modern</subfield>
						<subfield code="y">19th century</subfield>
					</datafield>
					<datafield ind1=" " ind2="0" tag="650">
						<subfield code="a">Art criticism</subfield>
					</datafield>
					<datafield ind1=" " ind2="0" tag="650">
						<subfield code="a">Art, Italian</subfield>
					</datafield>
					<datafield ind1=" " ind2="0" tag="650">
						<subfield code="a">Art</subfield>
						<subfield code="x">Philosophy</subfield>
					</datafield>
					<datafield ind1=" " ind2="0" tag="650">
						<subfield code="a">Art</subfield>
						<subfield code="z">Italy</subfield>
						<subfield code="x">History</subfield>
					</datafield>
					<datafield ind1=" " ind2="0" tag="650">
						<subfield code="a">Civilization</subfield>
					</datafield>
					<datafield ind1=" " ind2="0" tag="650">
						<subfield code="a">History</subfield>
						<subfield code="x">Philosophy</subfield>
					</datafield>
					<datafield ind1=" " ind2="0" tag="650">
						<subfield code="a">History</subfield>
						<subfield code="x">Study and teaching (Higher)</subfield>
					</datafield>
					<datafield ind1=" " ind2="7" tag="650">
						<subfield code="a">GESAMMELTE WERKE EINZELNER VERFASSER</subfield>
						<subfield code="9">ger</subfield>
						<subfield code="0">(ETHUDK)000009346</subfield>
						<subfield code="2">ethudk</subfield>
					</datafield>
					<datafield ind1=" " ind2="7" tag="650">
						<subfield code="a">KULTURGESCHICHTE</subfield>
						<subfield code="9">ger</subfield>
						<subfield code="0">(ETHUDK)000036824</subfield>
						<subfield code="2">ethudk</subfield>
					</datafield>
					<datafield ind1=" " ind2="7" tag="650">
						<subfield code="a">KUNSTTHEORIE + KUNSTÄSTHETIK + KUNSTPHILOSOPHIE</subfield>
						<subfield code="9">ger</subfield>
						<subfield code="0">(ETHUDK)000035234</subfield>
						<subfield code="2">ethudk</subfield>
					</datafield>
					<datafield ind1=" " ind2="7" tag="650">
						<subfield code="a">Kunstgeschichte</subfield>
						<subfield code="z">Europa</subfield>
						<subfield code="y">Geschichte</subfield>
						<subfield code="2">idsbb</subfield>
					</datafield>
					<datafield ind1=" " ind2="7" tag="650">
						<subfield code="a">Geschichtsphilosophie</subfield>
						<subfield code="2">idsbb</subfield>
					</datafield>
					<datafield ind1=" " ind2="7" tag="650">
						<subfield code="a">Ästhetik</subfield>
						<subfield code="0">(DE-588)4000626-8</subfield>
						<subfield code="2">gnd</subfield>
					</datafield>
					<datafield ind1=" " ind2="7" tag="650">
						<subfield code="a">Geschichtsstudium</subfield>
						<subfield code="0">(DE-588)4131152-8</subfield>
						<subfield code="2">gnd</subfield>
					</datafield>
					<datafield ind1=" " ind2=" " tag="690">
						<subfield code="a">Geschichte. Allgemein</subfield>
						<subfield code="2">uzb-US</subfield>
					</datafield>
					<datafield ind1=" " ind2=" " tag="690">
						<subfield code="a">Ästhetik. Allgemein</subfield>
						<subfield code="2">uzb-US</subfield>
					</datafield>
					<datafield ind1=" " ind2=" " tag="690">
						<subfield code="a">Geschichtsphilosophie</subfield>
						<subfield code="2">uzb-UX</subfield>
					</datafield>
					<datafield ind1=" " ind2=" " tag="690">
						<subfield code="a">Burckhardt, Jacob</subfield>
						<subfield code="2">ubs-AC</subfield>
					</datafield>
					<datafield ind1=" " ind2=" " tag="690">
						<subfield code="a">Poesie; bildende Kunst; Gemälde; Mythologie; Staat; Weltgeschichte; Studium; Ästhetik; Einleitung; Schema</subfield>
						<subfield code="2">idssg-J</subfield>
					</datafield>
					<datafield ind1=" " ind2=" " tag="690">
						<subfield code="a">Hauptgebiet; Altargemälde; Bauwelt; Genrebild; Historienbild; Hochrenaissance; Ortsregister; Personenregister; Sachregister; Inhaltsangabe</subfield>
						<subfield code="2">idssg-J</subfield>
					</datafield>
					<datafield ind1=" " ind2=" " tag="690">
						<subfield code="a">unfreie Kunst; allgemeine Einleitung; altes Schema; christlich Sculptur; chronologische Darstellung; editorisches Nachwort; einzelne Form; geschichtlich Crisen; geschichtliche Betrachtung; geschichtliche Krise; geschichtliches Studium; historische Größe; historisches Studium; monumentale Kunst; mythologische Malerei; neues Schema; nordisch Sculptur; profanes Historienbild; romanisch-abendländische Bauwelt; weltgeschichtliche Betrachtung</subfield>
						<subfield code="2">idssg-J</subfield>
					</datafield>
					<datafield ind1=" " ind2=" " tag="690">
						<subfield code="a">Griechenland C4EUGR; Italien C4EUIT; Deutschland C4EUGE; Welt C00WOR; Schweiz C4EXSI</subfield>
						<subfield code="2">idssg-J</subfield>
					</datafield>
					<datafield ind1=" " ind2=" " tag="690">
						<subfield code="a">Beck; C. H; Geschichte Neues Schema; Jacob Burckhardt; Peter Ganz; Schwabe Co. Basel Einleitung; weltgeschichtlich Betrachtungen Vorwort</subfield>
						<subfield code="2">idssg-J</subfield>
					</datafield>
					<datafield ind1=" " ind2=" " tag="691">
						<subfield code="e">3.5.3.3.1</subfield>
						<subfield code="2">ubs-FA</subfield>
					</datafield>
					<datafield ind1="1" ind2=" " tag="700">
						<subfield code="a">Ganz, Peter</subfield>
					</datafield>
					<datafield ind1="1" ind2=" " tag="700">
						<subfield code="a">Ganz, Peter F.</subfield>
						<subfield code="d">1920-2006</subfield>
						<subfield code="0">(DE-588)105692999</subfield>
					</datafield>
					<datafield ind1="1" ind2="2" tag="700">
						<subfield code="a">Burckhardt, Jacob</subfield>
						<subfield code="d">1818-1897</subfield>
						<subfield code="t">Weltgeschichtliche Betrachtungen</subfield>
					</datafield>
					<datafield ind1="1" ind2="2" tag="700">
						<subfield code="a">Burckhardt, Jacob</subfield>
						<subfield code="d">1818-1897</subfield>
						<subfield code="t">Über das Studium der Geschichte</subfield>
					</datafield>
					<datafield ind1="4" ind2=" " tag="856">
						<subfield code="u">http://unisg.link/hm00265023</subfield>
						<subfield code="z">Inhaltsverzeichnis</subfield>
					</datafield>
					<datafield ind1="1" ind2=" " tag="800">
						<subfield code="a">Burckhardt, Jacob</subfield>
						<subfield code="d">1818-1897</subfield>
						<subfield code="t">Werke</subfield>
						<subfield code="v">10</subfield>
						<subfield code="w">(NEBIS)004076210EBI01</subfield>
					</datafield>
					<datafield ind1="0" ind2="1" tag="852">
						<subfield code="a">41SLSP_RZH</subfield>
						<subfield code="6">990041027180205526</subfield>
						<subfield code="9">P</subfield>
					</datafield>
					<datafield ind1="0" ind2="1" tag="852">
						<subfield code="a">41SLSP_UZB</subfield>
						<subfield code="6">990041027180205508</subfield>
						<subfield code="9">P</subfield>
					</datafield>
					<datafield ind1="0" ind2="1" tag="852">
						<subfield code="a">41SLSP_HSG</subfield>
						<subfield code="6">995042230105506</subfield>
						<subfield code="9">P</subfield>
					</datafield>
					<datafield ind1="0" ind2="1" tag="852">
						<subfield code="a">41SLSP_UBE</subfield>
						<subfield code="6">99116749007205511</subfield>
						<subfield code="9">P</subfield>
					</datafield>
					<datafield ind1="0" ind2="1" tag="852">
						<subfield code="a">41SLSP_RZS</subfield>
						<subfield code="6">993580630105505</subfield>
						<subfield code="9">P</subfield>
					</datafield>
					<datafield ind1="0" ind2="1" tag="852">
						<subfield code="a">41SLSP_ZBS</subfield>
						<subfield code="6">9920274990105528</subfield>
						<subfield code="9">P</subfield>
					</datafield>
					<datafield ind1="0" ind2="1" tag="852">
						<subfield code="a">41SLSP_UBS</subfield>
						<subfield code="6">9920274990105504</subfield>
						<subfield code="9">P</subfield>
					</datafield>
					<datafield ind1=" " ind2=" " tag="900">
						<subfield code="a">IDSZ2zbzmon200304l</subfield>
						<subfield code="c">IDSZ2emme</subfield>
						<subfield code="d">IDSZ2zbzswk200310b</subfield>
						<subfield code="e">IDSZ2kotr</subfield>
					</datafield>
				</record>
			</recordData>
			<recordIdentifier>991070031889705501</recordIdentifier>
			<recordPosition>1</recordPosition>
		</record>