
		<record>
			<recordSchema>marcxml</recordSchema>
			<recordPacking>xml</recordPacking>
			<recordData>
				<record xmlns="http://www.loc.gov/MARC21/slim">
					<leader>01439nam a2200397 c 4500</leader>
					<controlfield tag="001">991060079939705501</controlfield>
					<controlfield tag="005">20201223203431.0</controlfield>
					<controlfield tag="008">000410s2000    gw            00| | ger^^</controlfield>
					<datafield ind1=" " ind2=" " tag="020">
						<subfield code="a">3406441815</subfield>
					</datafield>
					<datafield ind1=" " ind2=" " tag="035">
						<subfield code="a">(swissbib)034009523-41slsp_network</subfield>
					</datafield>
					<datafield ind1=" " ind2=" " tag="035">
						<subfield code="a">034009523</subfield>
						<subfield code="9">ExL</subfield>
					</datafield>
					<datafield ind1=" " ind2=" " tag="035">
						<subfield code="a">(IDSBB)002027447DSV01</subfield>
					</datafield>
					<datafield ind1=" " ind2=" " tag="040">
						<subfield code="a">SzZuIDS BS/BE A164</subfield>
						<subfield code="e">kids</subfield>
						<subfield code="d">CH-ZuSLS</subfield>
					</datafield>
					<datafield ind1=" " ind2="7" tag="072">
						<subfield code="a">kh</subfield>
						<subfield code="2">SzZuIDS BS/BE</subfield>
					</datafield>
					<datafield ind1=" " ind2=" " tag="084">
						<subfield code="a">9,10</subfield>
						<subfield code="2">ssgn</subfield>
					</datafield>
					<datafield ind1=" " ind2=" " tag="084">
						<subfield code="a">CG 2100</subfield>
						<subfield code="2">rvk</subfield>
					</datafield>
					<datafield ind1=" " ind2=" " tag="084">
						<subfield code="a">LH 63190</subfield>
						<subfield code="2">rvk</subfield>
					</datafield>
					<datafield ind1=" " ind2=" " tag="084">
						<subfield code="a">LH 64840</subfield>
						<subfield code="2">rvk</subfield>
					</datafield>
					<datafield ind1=" " ind2=" " tag="084">
						<subfield code="a">NB 6128</subfield>
						<subfield code="2">rvk</subfield>
					</datafield>
					<datafield ind1=" " ind2=" " tag="084">
						<subfield code="a">NK 7800</subfield>
						<subfield code="2">rvk</subfield>
					</datafield>
					<datafield ind1="1" ind2=" " tag="100">
						<subfield code="a">Burckhardt, Jacob</subfield>
						<subfield code="d">1818-1897</subfield>
						<subfield code="0">(DE-588)11851752X</subfield>
					</datafield>
					<datafield ind1="1" ind2="0" tag="245">
						<subfield code="a">&lt;&lt;Das&gt;&gt; Altarbild</subfield>
						<subfield code="b">Beiträge zur Kunstgeschichte von Italien</subfield>
						<subfield code="c">Jacob Burckhardt ; aus dem Nachlass herausgegeben von Stella von Boch ... [et al.] ; Das Porträt in der Malerei ; Die Sammler</subfield>
					</datafield>
					<datafield ind1=" " ind2="1" tag="264">
						<subfield code="a">München</subfield>
						<subfield code="b">Beck</subfield>
						<subfield code="c">2000</subfield>
						<subfield code="a">Basel</subfield>
						<subfield code="b">Schwabe</subfield>
					</datafield>
					<datafield ind1=" " ind2=" " tag="300">
						<subfield code="a">392 S.</subfield>
					</datafield>
					<datafield ind1=" " ind2=" " tag="336">
						<subfield code="b">txt</subfield>
						<subfield code="2">rdacontent</subfield>
					</datafield>
					<datafield ind1=" " ind2=" " tag="337">
						<subfield code="b">n</subfield>
						<subfield code="2">rdamedia</subfield>
					</datafield>
					<datafield ind1=" " ind2=" " tag="338">
						<subfield code="b">nc</subfield>
						<subfield code="2">rdacarrier</subfield>
					</datafield>
					<datafield ind1="1" ind2=" " tag="490">
						<subfield code="a">Werke / Jacob Burckhardt</subfield>
						<subfield code="v">Bd. 6</subfield>
					</datafield>
					<datafield ind1=" " ind2="7" tag="650">
						<subfield code="a">Kunst</subfield>
						<subfield code="z">Italien</subfield>
						<subfield code="y">Geschichte</subfield>
						<subfield code="2">idsbb</subfield>
					</datafield>
					<datafield ind1=" " ind2=" " tag="690">
						<subfield code="a">Burckhardt, Jacob</subfield>
						<subfield code="2">ubs-AC</subfield>
					</datafield>
					<datafield ind1=" " ind2=" " tag="691">
						<subfield code="e">3.5.3.3.1</subfield>
						<subfield code="2">ubs-FA</subfield>
					</datafield>
					<datafield ind1="1" ind2=" " tag="700">
						<subfield code="a">Boch, Stella von</subfield>
					</datafield>
					<datafield ind1="1" ind2="2" tag="700">
						<subfield code="a">Burckhardt, Jacob</subfield>
						<subfield code="d">1818-1897</subfield>
						<subfield code="t">&lt;&lt;Das&gt;&gt; Porträt in der Malerei</subfield>
					</datafield>
					<datafield ind1="1" ind2="2" tag="700">
						<subfield code="a">Burckhardt, Jacob</subfield>
						<subfield code="d">1818-1897</subfield>
						<subfield code="t">&lt;&lt;Die&gt;&gt; Sammler</subfield>
					</datafield>
					<datafield ind1="1" ind2=" " tag="800">
						<subfield code="a">Burckhardt, Jacob</subfield>
						<subfield code="d">1818-1897</subfield>
						<subfield code="t">Werke</subfield>
						<subfield code="v">6</subfield>
						<subfield code="w">(IDSBB)002027441DSV01</subfield>
					</datafield>
					<datafield ind1="0" ind2="1" tag="852">
						<subfield code="a">41SLSP_UBE</subfield>
						<subfield code="6">99116748837505511</subfield>
						<subfield code="9">P</subfield>
					</datafield>
					<datafield ind1="0" ind2="1" tag="852">
						<subfield code="a">41SLSP_ZBS</subfield>
						<subfield code="6">9920274470105528</subfield>
						<subfield code="9">P</subfield>
					</datafield>
					<datafield ind1="0" ind2="1" tag="852">
						<subfield code="a">41SLSP_UBS</subfield>
						<subfield code="6">9920274470105504</subfield>
						<subfield code="9">P</subfield>
					</datafield>
					<datafield ind1=" " ind2=" " tag="900">
						<subfield code="a">IDSAxvkvol</subfield>
					</datafield>
				</record>
			</recordData>
			<recordIdentifier>991060079939705501</recordIdentifier>
			<recordPosition>3</recordPosition>
		</record>