
		<record>
			<recordSchema>marcxml</recordSchema>
			<recordPacking>xml</recordPacking>
			<recordData>
				<record xmlns="http://www.loc.gov/MARC21/slim">
					<leader>01584nam a2200385 ca4500</leader>
					<controlfield tag="001">991171044964505501</controlfield>
					<controlfield tag="005">20220927125412.0</controlfield>
					<controlfield tag="008">211029m20229999gw ||||| |||| 00||||ger^^</controlfield>
					<datafield ind1=" " ind2=" " tag="015">
						<subfield code="a">21,N44</subfield>
						<subfield code="2">dnb</subfield>
					</datafield>
					<datafield ind1="7" ind2=" " tag="016">
						<subfield code="2">DE-101</subfield>
						<subfield code="a">1244538817</subfield>
					</datafield>
					<datafield ind1=" " ind2=" " tag="020">
						<subfield code="a">9783406781261</subfield>
						<subfield code="q">Teilband 1</subfield>
					</datafield>
					<datafield ind1=" " ind2=" " tag="035">
						<subfield code="a">(DE-101)1244538817</subfield>
					</datafield>
					<datafield ind1=" " ind2=" " tag="035">
						<subfield code="a">(DE-599)DNB1244538817</subfield>
					</datafield>
					<datafield ind1=" " ind2=" " tag="040">
						<subfield code="a">DE-101</subfield>
						<subfield code="b">ger</subfield>
						<subfield code="c">DE-101</subfield>
						<subfield code="e">rda</subfield>
						<subfield code="d">CH-ZuSLS RZS</subfield>
					</datafield>
					<datafield ind1=" " ind2=" " tag="044">
						<subfield code="c">XA-DE-BY</subfield>
					</datafield>
					<datafield ind1=" " ind2="7" tag="072">
						<subfield code="a">630</subfield>
						<subfield code="2">IDS LU</subfield>
					</datafield>
					<datafield ind1="7" ind2="4" tag="082">
						<subfield code="a">930</subfield>
						<subfield code="2">23sdnb</subfield>
					</datafield>
					<datafield ind1="7" ind2="4" tag="082">
						<subfield code="a">700</subfield>
						<subfield code="2">23sdnb</subfield>
					</datafield>
					<datafield ind1="1" ind2=" " tag="100">
						<subfield code="a">Burckhardt, Jacob</subfield>
						<subfield code="d">1818-1897</subfield>
						<subfield code="0">(DE-588)11851752X</subfield>
						<subfield code="4">aut</subfield>
					</datafield>
					<datafield ind1="1" ind2="0" tag="245">
						<subfield code="a">Alte Geschichte</subfield>
						<subfield code="c">Jacob Burckhardt ; aus dem Nachlass herausgegeben von Leonhard Burckhardt, Stefan Rebenich, Alfred Schmid und Jürgen von Ungern-Sternberg</subfield>
					</datafield>
					<datafield ind1=" " ind2="1" tag="264">
						<subfield code="a">München</subfield>
						<subfield code="b">C.H.Beck</subfield>
						<subfield code="a">Basel</subfield>
						<subfield code="b">Schwabe</subfield>
						<subfield code="c">[2022]</subfield>
					</datafield>
					<datafield ind1=" " ind2=" " tag="300">
						<subfield code="a">Teilband 1- (1421; ... Seiten)</subfield>
						<subfield code="b">Illustrationen</subfield>
					</datafield>
					<datafield ind1=" " ind2=" " tag="336">
						<subfield code="b">txt</subfield>
						<subfield code="2">rdacontent</subfield>
					</datafield>
					<datafield ind1=" " ind2=" " tag="337">
						<subfield code="b">n</subfield>
						<subfield code="2">rdamedia</subfield>
					</datafield>
					<datafield ind1=" " ind2=" " tag="338">
						<subfield code="b">nc</subfield>
						<subfield code="2">rdacarrier</subfield>
					</datafield>
					<datafield ind1="1" ind2=" " tag="490">
						<subfield code="a">Werke / Jacob Burckhardt</subfield>
						<subfield code="v">Band 23</subfield>
					</datafield>
					<datafield ind1="0" ind2="0" tag="505">
						<subfield code="g">Teilband 1</subfield>
						<subfield code="t">Ägypten und Alter Orient. Römische Geschichte: Republik</subfield>
					</datafield>
					<datafield ind1=" " ind2="7" tag="648">
						<subfield code="a">Geschichte 509 v. Chr.-27 v. Chr.</subfield>
						<subfield code="2">gnd</subfield>
					</datafield>
					<datafield ind1=" " ind2="7" tag="651">
						<subfield code="a">Ägypten</subfield>
						<subfield code="g">Altertum</subfield>
						<subfield code="2">gnd</subfield>
						<subfield code="0">(DE-588)4068430-1</subfield>
					</datafield>
					<datafield ind1=" " ind2="7" tag="651">
						<subfield code="a">Alter Orient</subfield>
						<subfield code="2">gnd</subfield>
						<subfield code="0">(DE-588)4001451-4</subfield>
					</datafield>
					<datafield ind1=" " ind2="7" tag="651">
						<subfield code="a">Römisches Reich</subfield>
						<subfield code="2">gnd</subfield>
						<subfield code="0">(DE-588)4076778-4</subfield>
					</datafield>
					<datafield ind1="1" ind2=" " tag="700">
						<subfield code="a">Burckhardt, Leonhard</subfield>
						<subfield code="d">1953-</subfield>
						<subfield code="4">edt</subfield>
						<subfield code="0">(DE-588)122334434</subfield>
					</datafield>
					<datafield ind1="1" ind2=" " tag="700">
						<subfield code="a">Rebenich, Stefan</subfield>
						<subfield code="d">1961-</subfield>
						<subfield code="0">(DE-588)124118631</subfield>
						<subfield code="4">edt</subfield>
					</datafield>
					<datafield ind1="1" ind2=" " tag="800">
						<subfield code="a">Burckhardt, Jacob</subfield>
						<subfield code="d">1818-1897</subfield>
						<subfield code="t">Werke</subfield>
						<subfield code="v">23</subfield>
						<subfield code="w">(IDSLU)000279112ILU01</subfield>
					</datafield>
					<datafield ind1="0" ind2="1" tag="852">
						<subfield code="a">41SLSP_HSG</subfield>
						<subfield code="6">9911318568205506</subfield>
						<subfield code="9">P</subfield>
					</datafield>
					<datafield ind1="0" ind2="1" tag="852">
						<subfield code="a">41SLSP_UBE</subfield>
						<subfield code="6">99117329903505511</subfield>
						<subfield code="9">P</subfield>
					</datafield>
					<datafield ind1="0" ind2="1" tag="852">
						<subfield code="a">41SLSP_RZS</subfield>
						<subfield code="6">9914401712605505</subfield>
						<subfield code="9">P</subfield>
					</datafield>
					<datafield ind1=" " ind2=" " tag="900">
						<subfield code="a">Stoppsignal FRED</subfield>
						<subfield code="x">UBE/B555/202209</subfield>
					</datafield>
				</record>
			</recordData>
			<recordIdentifier>991171044964505501</recordIdentifier>
			<recordPosition>4</recordPosition>
		</record>