
		<record>
			<recordSchema>marcxml</recordSchema>
			<recordPacking>xml</recordPacking>
			<recordData>
				<record xmlns="http://www.loc.gov/MARC21/slim">
					<leader>06849nam a2200925 c 4500</leader>
					<controlfield tag="001">991139375609705501</controlfield>
					<controlfield tag="005">20201231123439.0</controlfield>
					<controlfield tag="008">201012s2000    gw            00| | ger^^</controlfield>
					<datafield ind1=" " ind2=" " tag="015">
						<subfield code="a">GFR-CIP-00,N38</subfield>
						<subfield code="a">DNB-00,N38,0670</subfield>
					</datafield>
					<datafield ind1="7" ind2=" " tag="016">
						<subfield code="a">959300783</subfield>
						<subfield code="2">GyFmDB</subfield>
					</datafield>
					<datafield ind1=" " ind2=" " tag="020">
						<subfield code="a">3406467628</subfield>
					</datafield>
					<datafield ind1=" " ind2=" " tag="035">
						<subfield code="a">(swissbib)23593867X-41slsp_network</subfield>
					</datafield>
					<datafield ind1=" " ind2=" " tag="035">
						<subfield code="a">23593867X</subfield>
						<subfield code="9">ExL</subfield>
					</datafield>
					<datafield ind1=" " ind2=" " tag="035">
						<subfield code="a">(NEBIS)004102714EBI01</subfield>
					</datafield>
					<datafield ind1=" " ind2=" " tag="035">
						<subfield code="a">(IDSBB)002214529DSV01</subfield>
					</datafield>
					<datafield ind1=" " ind2=" " tag="035">
						<subfield code="a">(IDSLU)000358060ILU01</subfield>
					</datafield>
					<datafield ind1=" " ind2=" " tag="035">
						<subfield code="a">(IDSSG)000504217HSB01</subfield>
					</datafield>
					<datafield ind1=" " ind2=" " tag="040">
						<subfield code="a">IDS NEBIS SIK</subfield>
						<subfield code="d">CH-ZuSLS</subfield>
					</datafield>
					<datafield ind1=" " ind2="7" tag="072">
						<subfield code="a">gw</subfield>
						<subfield code="2">SzZuIDS BS/BE</subfield>
					</datafield>
					<datafield ind1=" " ind2="7" tag="072">
						<subfield code="a">kh</subfield>
						<subfield code="2">SzZuIDS BS/BE</subfield>
					</datafield>
					<datafield ind1=" " ind2="7" tag="072">
						<subfield code="a">630</subfield>
						<subfield code="2">IDS LU</subfield>
					</datafield>
					<datafield ind1="0" ind2="0" tag="082">
						<subfield code="a">909</subfield>
						<subfield code="2">23</subfield>
					</datafield>
					<datafield ind1="0" ind2="4" tag="082">
						<subfield code="a">724.12</subfield>
						<subfield code="2">21</subfield>
					</datafield>
					<datafield ind1="0" ind2="4" tag="082">
						<subfield code="a">720</subfield>
					</datafield>
					<datafield ind1="1" ind2="4" tag="082">
						<subfield code="a">709.45</subfield>
						<subfield code="2">21</subfield>
					</datafield>
					<datafield ind1="1" ind2="4" tag="082">
						<subfield code="a">720</subfield>
					</datafield>
					<datafield ind1=" " ind2=" " tag="084">
						<subfield code="a">9,10</subfield>
						<subfield code="2">ssgn</subfield>
					</datafield>
					<datafield ind1=" " ind2=" " tag="084">
						<subfield code="a">CG 2100</subfield>
						<subfield code="2">rvk</subfield>
					</datafield>
					<datafield ind1=" " ind2=" " tag="084">
						<subfield code="a">LH 63190</subfield>
						<subfield code="2">rvk</subfield>
					</datafield>
					<datafield ind1=" " ind2=" " tag="084">
						<subfield code="a">LH 64840</subfield>
						<subfield code="2">rvk</subfield>
					</datafield>
					<datafield ind1=" " ind2=" " tag="084">
						<subfield code="a">NB 6128</subfield>
						<subfield code="2">rvk</subfield>
					</datafield>
					<datafield ind1=" " ind2=" " tag="084">
						<subfield code="a">NK 7800</subfield>
						<subfield code="2">rvk</subfield>
					</datafield>
					<datafield ind1=" " ind2=" " tag="084">
						<subfield code="a">LN 79550</subfield>
						<subfield code="2">rvk</subfield>
					</datafield>
					<datafield ind1="1" ind2=" " tag="100">
						<subfield code="a">Burckhardt, Jacob</subfield>
						<subfield code="d">1818-1897</subfield>
						<subfield code="0">(DE-588)11851752X</subfield>
					</datafield>
					<datafield ind1="1" ind2="0" tag="245">
						<subfield code="a">&lt;&lt;Die&gt;&gt; Baukunst der Renaissance in Italien</subfield>
						<subfield code="b">nach der Erstausgabe der "Geschichte der Renaissance in Italien"</subfield>
						<subfield code="c">Jacob Burckhardt ; hrsg. von Maurizio Ghelardi</subfield>
					</datafield>
					<datafield ind1=" " ind2="1" tag="264">
						<subfield code="a">München</subfield>
						<subfield code="b">Beck</subfield>
						<subfield code="c">2000</subfield>
					</datafield>
					<datafield ind1=" " ind2=" " tag="300">
						<subfield code="a">532 S.</subfield>
						<subfield code="b">Ill.</subfield>
						<subfield code="c">23 cm</subfield>
					</datafield>
					<datafield ind1=" " ind2=" " tag="336">
						<subfield code="b">txt</subfield>
						<subfield code="2">rdacontent</subfield>
					</datafield>
					<datafield ind1=" " ind2=" " tag="337">
						<subfield code="b">n</subfield>
						<subfield code="2">rdamedia</subfield>
					</datafield>
					<datafield ind1=" " ind2=" " tag="338">
						<subfield code="b">nc</subfield>
						<subfield code="2">rdacarrier</subfield>
					</datafield>
					<datafield ind1="1" ind2=" " tag="490">
						<subfield code="a">Werke / Jacob Burckhardt</subfield>
						<subfield code="v">Band 5</subfield>
					</datafield>
					<datafield ind1=" " ind2=" " tag="500">
						<subfield code="a">Originaltitel: Geschichte der Renaissance in Italien</subfield>
					</datafield>
					<datafield ind1="1" ind2="7" tag="600">
						<subfield code="a">Burckhardt, Jacob</subfield>
						<subfield code="d">1818-1897</subfield>
						<subfield code="0">(DE-588)11851752X</subfield>
						<subfield code="2">gnd</subfield>
					</datafield>
					<datafield ind1="1" ind2="7" tag="600">
						<subfield code="a">Burckhardt, Jacob</subfield>
						<subfield code="d">1818-1897</subfield>
						<subfield code="t">&lt;&lt;Die&gt;&gt; Kultur der Renaissance in Italien</subfield>
						<subfield code="0">(DE-588)4651912-9</subfield>
						<subfield code="2">gnd</subfield>
					</datafield>
					<datafield ind1=" " ind2="7" tag="648">
						<subfield code="a">Geschichte 1400-1500</subfield>
						<subfield code="2">idszbz</subfield>
					</datafield>
					<datafield ind1=" " ind2="7" tag="648">
						<subfield code="a">Geschichte 1500-1600</subfield>
						<subfield code="2">idszbz</subfield>
					</datafield>
					<datafield ind1=" " ind2="7" tag="648">
						<subfield code="a">Renaissance (Epoche)</subfield>
						<subfield code="2">idszbz</subfield>
					</datafield>
					<datafield ind1=" " ind2="7" tag="648">
						<subfield code="a">Geschichte</subfield>
						<subfield code="2">gnd</subfield>
					</datafield>
					<datafield ind1=" " ind2="7" tag="648">
						<subfield code="a">Geschichte 1400-1600</subfield>
						<subfield code="2">gnd</subfield>
					</datafield>
					<datafield ind1=" " ind2="7" tag="650">
						<subfield code="a">Architektur</subfield>
						<subfield code="2">idszbz</subfield>
					</datafield>
					<datafield ind1=" " ind2="0" tag="650">
						<subfield code="a">Aesthetics</subfield>
					</datafield>
					<datafield ind1=" " ind2="0" tag="650">
						<subfield code="a">Architecture, Italian</subfield>
					</datafield>
					<datafield ind1=" " ind2="0" tag="650">
						<subfield code="a">Architecture, Renaissance</subfield>
						<subfield code="z">Italy</subfield>
					</datafield>
					<datafield ind1=" " ind2="0" tag="650">
						<subfield code="a">Art criticism</subfield>
					</datafield>
					<datafield ind1=" " ind2="0" tag="650">
						<subfield code="a">Art, Italian</subfield>
					</datafield>
					<datafield ind1=" " ind2="0" tag="650">
						<subfield code="a">Art</subfield>
						<subfield code="z">Italy</subfield>
						<subfield code="x">History</subfield>
					</datafield>
					<datafield ind1=" " ind2="0" tag="650">
						<subfield code="a">Civilization</subfield>
					</datafield>
					<datafield ind1=" " ind2="7" tag="650">
						<subfield code="a">ARCHITEKTURTHEORIE + ARCHITEKTURÄSTHETIK</subfield>
						<subfield code="9">ger</subfield>
						<subfield code="0">(ETHUDK)000035455</subfield>
						<subfield code="2">ethudk</subfield>
					</datafield>
					<datafield ind1=" " ind2="7" tag="650">
						<subfield code="a">GESAMMELTE WERKE EINZELNER VERFASSER</subfield>
						<subfield code="9">ger</subfield>
						<subfield code="0">(ETHUDK)000009346</subfield>
						<subfield code="2">ethudk</subfield>
					</datafield>
					<datafield ind1=" " ind2="7" tag="650">
						<subfield code="a">ITALIEN (SÜDEUROPA). REPUBLIK ITALIEN</subfield>
						<subfield code="9">ger</subfield>
						<subfield code="0">(ETHUDK)000003602</subfield>
						<subfield code="2">ethudk</subfield>
					</datafield>
					<datafield ind1=" " ind2="7" tag="650">
						<subfield code="a">RENAISSANCE (ARCHITECTURE)</subfield>
						<subfield code="9">fre</subfield>
						<subfield code="0">(ETHUDK)000035495</subfield>
						<subfield code="2">ethudk</subfield>
					</datafield>
					<datafield ind1=" " ind2="7" tag="650">
						<subfield code="a">Kunst</subfield>
						<subfield code="x">Renaissance</subfield>
						<subfield code="z">Italien</subfield>
						<subfield code="2">idsbb</subfield>
					</datafield>
					<datafield ind1=" " ind2="7" tag="650">
						<subfield code="a">Architektur</subfield>
						<subfield code="x">Renaissance</subfield>
						<subfield code="z">Italien</subfield>
						<subfield code="2">idsbb</subfield>
					</datafield>
					<datafield ind1=" " ind2="7" tag="650">
						<subfield code="a">Architektur</subfield>
						<subfield code="0">(DE-588)4002851-3</subfield>
						<subfield code="2">gnd</subfield>
					</datafield>
					<datafield ind1=" " ind2="7" tag="650">
						<subfield code="a">Renaissance</subfield>
						<subfield code="0">(DE-588)4049450-0</subfield>
						<subfield code="2">gnd</subfield>
					</datafield>
					<datafield ind1=" " ind2="7" tag="651">
						<subfield code="a">Italien</subfield>
						<subfield code="2">idszbz</subfield>
					</datafield>
					<datafield ind1=" " ind2="7" tag="651">
						<subfield code="a">Italien</subfield>
						<subfield code="0">(DE-588)4027833-5</subfield>
						<subfield code="2">gnd</subfield>
					</datafield>
					<datafield ind1=" " ind2=" " tag="690">
						<subfield code="a">Italien. Architektur. Renaissance</subfield>
						<subfield code="2">uzb-US</subfield>
					</datafield>
					<datafield ind1=" " ind2=" " tag="690">
						<subfield code="a">Burckhardt, Jacob</subfield>
						<subfield code="2">ubs-AC</subfield>
					</datafield>
					<datafield ind1=" " ind2=" " tag="690">
						<subfield code="a">Renaissance; Marmor; Gewölbe; Kirchenbau; Palast; Gegenstand; Altar; Malerei; Festungsbau; Baukunst; Grabmal; Ordnung; Backsteinbau; Element; Fayence; Fries; Gesims; Gitter; Heraldik; Schornstein; Treppe; Basilika; Feste; Behandlung; Bramante; Garten; Gesinnung; Kloster; Rom; Schule</subfield>
						<subfield code="2">idssg-J</subfield>
					</datafield>
					<datafield ind1=" " ind2=" " tag="690">
						<subfield code="a">Palastbau; Hochrenaissance; Zentralbau; Protorenaissance; Halbsäule; Klosterbau; Kranzgesims; Langbau; Privatbau; Profanbau; Theaterbau; Villenbau; Wandaltar; Bruderschaftsgebäude; Formenbehandlung; Gewölbekirche; Gewölbemalerei; Langkirche; Tischaufsatz; Vergnügungsbau; Adenmalerei; Altareinfassung; Flächenverzierung; Grundplan; Gräbertype; Nebentype; Pilasterordnung; Adentyp; Ausdrucksweise; Backsteinhof; Barockzeit; Baudilettant; Baugesinnung; Baumodell; Baurest; Bischofshof; Chorstuhl; Darstellungsweise; Denkweise; Detailprobe; Familienloggia; Festkünstler; Flachdecke; Formensystem; Gassenhalle; Gasthof; Gewaltherrscher; Goldschmiedearbeit; Machtumfang; OberItalien; Palasthof; Personenregister; Prachtbett; Ruhmsinn; Sachregister; Schnitzwerk; Schönschreiber; Stadtanlage; Triumphbogen; Weihbecken; Zierform; Zwischenstockwerk</subfield>
						<subfield code="2">idssg-J</subfield>
					</datafield>
					<datafield ind1=" " ind2=" " tag="690">
						<subfield code="a">anderes Gefäß; besonderes Formensystem; dorische Ordnung; flachgedecktes Kirchen; früher Palastbau; achtes Kapitel; allgemeine Ansicht; allgemeiner Charakter; allgemeine Stellung; andere Kunst; andere Parade; andere Stadt; ander Zentralbau; antik Sculpturen; antik Bau; antike Groteske; antike Ordnung; architektonisches Element; dreischiffige Gewölbekirche; dreizehntes Kapitel; drittes Kapitel; editorisches Nachwort; einschiffige Gewölbekirche; einschiffiges Kirchen; einzeln Capellen; einzeln Sacristeien; elftes Kapitel; erst Stuccaturen; erstes Kapitel; erst Zentralbau; falsch-etruskische Ordnung; früh Zentralbau; fünftes Kapitel; fünfzehntes Kapitel; geistliche Bruderschaft; geschnitzte Flachdecke; gesetzmäßig Cubischer; griechischer Baurest; großer Guss; harter Stein; hölzerne Pforte; innere Anlage; irdenes Gefäß; italienisch Gothik; italienische Architektur; italienischer Palastbau; kirchliche Arbeit; kirchliches Formensystem; künstlerische Absicht; monumentaler Sinn; neue Stadt; neue Stadtanlage; neuntes Kapitel; reiches Vornehmen; römisch Fac; römischer Baurest; römisches Detail; römischer Palasthof; römische Treppe; sechstes Kapitel; siebentes Kapitel; spät Decorationsmalerei; spät Vitruvianer; später Hass; spät Zentralbau; textkritische Anmerkung; toscanischer Palastbau; toscanischer Typus; unregelmäßiger Grundplan; venezianischer Typus; verschiedener Gegenstand; viertes Kapitel; vierzehntes Kapitel; volle Herrschaft; vortretende Säule; weitere Theorie; weiß Stucco; weißer Marmor; weltliche Arbeit; wichtige Gräbertype; zehntes Kapitel; zusätzliche Abbildung; zweites Kapitel; zwölftes Kapitel; öffentlicher Palast; übriges Italien; übriger Papst</subfield>
						<subfield code="2">idssg-J</subfield>
					</datafield>
					<datafield ind1=" " ind2=" " tag="690">
						<subfield code="a">Italien C4EUIT; Jemen C7YEME; Schweiz C4EXSI; Deutschland C4EUGE</subfield>
						<subfield code="2">idssg-J</subfield>
					</datafield>
					<datafield ind1=" " ind2=" " tag="690">
						<subfield code="a">antik Sculpturen Ruinen; Architektur Erstes Kapitel; B. Alberti; B. Decoration Erstes Kapitel; Beck- en hen; Beck- en hen Schwabe Co. Basel; C. H; Decorationsmalerei Stuccatur; Decorative Sculptur; Florenz Siena; hölzern Pforten Wandbekleidungen; Jacob Burckhardt; Julius II; Leon Battista Albern; Mark Umbrien; Maurizio Ghelardi; neu Städte Quartiere; Papst Nicolaus; Perin del Vaga; Protorenaissance Toscana Rom; Romano; San Miniato; Sansovino Palladio</subfield>
						<subfield code="2">idssg-J</subfield>
					</datafield>
					<datafield ind1=" " ind2=" " tag="691">
						<subfield code="e">3.5.3.3.1</subfield>
						<subfield code="2">ubs-FA</subfield>
					</datafield>
					<datafield ind1="1" ind2=" " tag="700">
						<subfield code="a">Ghelardi, Maurizio</subfield>
						<subfield code="d">1952-</subfield>
						<subfield code="0">(DE-588)142899585</subfield>
					</datafield>
					<datafield ind1="4" ind2=" " tag="856">
						<subfield code="u">http://unisg.link/hm00265019</subfield>
						<subfield code="z">Inhaltsverzeichnis</subfield>
					</datafield>
					<datafield ind1="1" ind2=" " tag="800">
						<subfield code="a">Burckhardt, Jacob</subfield>
						<subfield code="d">1818-1897</subfield>
						<subfield code="t">Werke</subfield>
						<subfield code="v">5</subfield>
						<subfield code="w">(IDSBB)002027441DSV01</subfield>
					</datafield>
					<datafield ind1="0" ind2="1" tag="852">
						<subfield code="a">41SLSP_RZH</subfield>
						<subfield code="6">990041027140205526</subfield>
						<subfield code="9">P</subfield>
					</datafield>
					<datafield ind1="0" ind2="1" tag="852">
						<subfield code="a">41SLSP_UZB</subfield>
						<subfield code="6">990041027140205508</subfield>
						<subfield code="9">P</subfield>
					</datafield>
					<datafield ind1="0" ind2="1" tag="852">
						<subfield code="a">41SLSP_HSG</subfield>
						<subfield code="6">995042170105506</subfield>
						<subfield code="9">P</subfield>
					</datafield>
					<datafield ind1="0" ind2="1" tag="852">
						<subfield code="a">41SLSP_UBE</subfield>
						<subfield code="6">99116731251005511</subfield>
						<subfield code="9">P</subfield>
					</datafield>
					<datafield ind1="0" ind2="1" tag="852">
						<subfield code="a">41SLSP_RZS</subfield>
						<subfield code="6">993580600105505</subfield>
						<subfield code="9">P</subfield>
					</datafield>
					<datafield ind1="0" ind2="1" tag="852">
						<subfield code="a">41SLSP_ZBS</subfield>
						<subfield code="6">9922145290105528</subfield>
						<subfield code="9">P</subfield>
					</datafield>
					<datafield ind1="0" ind2="1" tag="852">
						<subfield code="a">41SLSP_UBS</subfield>
						<subfield code="6">9922145290105504</subfield>
						<subfield code="9">P</subfield>
					</datafield>
					<datafield ind1=" " ind2=" " tag="900">
						<subfield code="a">IDSZ2zbzmon200304l</subfield>
						<subfield code="c">IDSZ2emme</subfield>
						<subfield code="d">IDSZ2zbzswk200310b</subfield>
						<subfield code="e">IDSZ2kotr</subfield>
					</datafield>
					<datafield ind1=" " ind2=" " tag="911">
						<subfield code="a">Burckhardt, Jacob</subfield>
						<subfield code="c">Kulturhistoriker, Kunsthistoriker, Schweiz</subfield>
						<subfield code="d">1818 - 1897</subfield>
						<subfield code="5">IDSLU/ger</subfield>
					</datafield>
				</record>
			</recordData>
			<recordIdentifier>991139375609705501</recordIdentifier>
			<recordPosition>5</recordPosition>
		</record>