
		<record>
			<recordSchema>marcxml</recordSchema>
			<recordPacking>xml</recordPacking>
			<recordData>
				<record xmlns="http://www.loc.gov/MARC21/slim">
					<leader>01896nam a2200361 c 4500</leader>
					<controlfield tag="001">991023939149705501</controlfield>
					<controlfield tag="005">20201223014544.0</controlfield>
					<controlfield tag="008">091210s2001    gw            00| | ger^^</controlfield>
					<datafield ind1=" " ind2=" " tag="020">
						<subfield code="a">3406471560</subfield>
					</datafield>
					<datafield ind1=" " ind2=" " tag="035">
						<subfield code="a">(swissbib)003365093-41slsp_network</subfield>
					</datafield>
					<datafield ind1=" " ind2=" " tag="035">
						<subfield code="a">003365093</subfield>
						<subfield code="9">ExL</subfield>
					</datafield>
					<datafield ind1=" " ind2=" " tag="035">
						<subfield code="a">(IDSSG)000504215HSB01</subfield>
					</datafield>
					<datafield ind1=" " ind2=" " tag="040">
						<subfield code="a">SzZuIDS HSG</subfield>
						<subfield code="b">ger</subfield>
						<subfield code="e">kids</subfield>
						<subfield code="d">CH-ZuSLS</subfield>
					</datafield>
					<datafield ind1="1" ind2=" " tag="100">
						<subfield code="a">Burckhardt, Jacob</subfield>
					</datafield>
					<datafield ind1="1" ind2="0" tag="245">
						<subfield code="a">&lt;&lt;Der&gt;&gt; Cicerone</subfield>
						<subfield code="b">eine Anleitung zum Genuss der Kunstwerke Italiens : Architektur und Sculptur</subfield>
						<subfield code="c">Jacob Burckhardt ; hrsg. von Bernd Roeck ... [et al.]</subfield>
					</datafield>
					<datafield ind1=" " ind2="1" tag="264">
						<subfield code="a">München</subfield>
						<subfield code="b">Beck</subfield>
						<subfield code="c">2001</subfield>
					</datafield>
					<datafield ind1=" " ind2=" " tag="300">
						<subfield code="a">827 S.</subfield>
					</datafield>
					<datafield ind1=" " ind2=" " tag="336">
						<subfield code="b">txt</subfield>
						<subfield code="2">rdacontent</subfield>
					</datafield>
					<datafield ind1=" " ind2=" " tag="337">
						<subfield code="b">n</subfield>
						<subfield code="2">rdamedia</subfield>
					</datafield>
					<datafield ind1=" " ind2=" " tag="338">
						<subfield code="b">nc</subfield>
						<subfield code="2">rdacarrier</subfield>
					</datafield>
					<datafield ind1="1" ind2=" " tag="490">
						<subfield code="a">Werke / Jacob Burckhardt</subfield>
						<subfield code="v">Bd. 2</subfield>
					</datafield>
					<datafield ind1=" " ind2="7" tag="648">
						<subfield code="a">Geschichte</subfield>
						<subfield code="2">gnd</subfield>
					</datafield>
					<datafield ind1=" " ind2="7" tag="650">
						<subfield code="a">Architektur</subfield>
						<subfield code="0">(DE-588)4002851-3</subfield>
						<subfield code="2">gnd</subfield>
					</datafield>
					<datafield ind1=" " ind2="7" tag="650">
						<subfield code="a">Plastik</subfield>
						<subfield code="0">(DE-588)4046277-8</subfield>
						<subfield code="2">gnd</subfield>
					</datafield>
					<datafield ind1=" " ind2="7" tag="651">
						<subfield code="a">Italien</subfield>
						<subfield code="0">(DE-588)4027833-5</subfield>
						<subfield code="2">gnd</subfield>
					</datafield>
					<datafield ind1=" " ind2=" " tag="690">
						<subfield code="a">Architektur; Glasmalerei; Register; Antike; Renaissance; Burckhardt; Cicerone; Übersicht; Kommentar; Literatur</subfield>
						<subfield code="2">idssg-J</subfield>
					</datafield>
					<datafield ind1=" " ind2=" " tag="690">
						<subfield code="a">Personenregister; Sachregister; Gesamtregister; Ortsregister; Hochrenaissance</subfield>
						<subfield code="2">idssg-J</subfield>
					</datafield>
					<datafield ind1=" " ind2=" " tag="690">
						<subfield code="a">altniederländischer Meister; altchristliche Architektur; altdeutscher Meister; byzantinische Malerei; editorisches Nachwort; ganze Renaissance; germanische Architektur; germanische Malerei; moderne Malerei; romanische Architektur; romanische Malerei; textkritische Anmerkung</subfield>
						<subfield code="2">idssg-J</subfield>
					</datafield>
					<datafield ind1=" " ind2=" " tag="690">
						<subfield code="a">Italien C4EUIT; Deutschland C4EUGE; Schweiz C4EXSI</subfield>
						<subfield code="2">idssg-J</subfield>
					</datafield>
					<datafield ind1=" " ind2=" " tag="690">
						<subfield code="a">Beck; Bernd Roeck; C. H; Christine Tauber; Franz Kugler; Jacob Burckhardt; Katja Amato; Martin Warnke; Schwabe Co. Basel JBW2 Architektur; Sibylle Backmann</subfield>
						<subfield code="2">idssg-J</subfield>
					</datafield>
					<datafield ind1="1" ind2=" " tag="700">
						<subfield code="a">Roeck, Bernd</subfield>
					</datafield>
					<datafield ind1="4" ind2=" " tag="856">
						<subfield code="u">http://unisg.link/hm00265017</subfield>
						<subfield code="z">Inhaltsverzeichnis</subfield>
					</datafield>
					<datafield ind1="1" ind2=" " tag="800">
						<subfield code="a">Burckhardt, Jacob</subfield>
						<subfield code="d">1818-1897</subfield>
						<subfield code="t">Werke</subfield>
						<subfield code="v">2</subfield>
						<subfield code="w">(IDSSG)000501601HSB01</subfield>
					</datafield>
					<datafield ind1="0" ind2="1" tag="852">
						<subfield code="a">41SLSP_HSG</subfield>
						<subfield code="6">995042150105506</subfield>
						<subfield code="9">P</subfield>
					</datafield>
				</record>
			</recordData>
			<recordIdentifier>991023939149705501</recordIdentifier>
			<recordPosition>6</recordPosition>
		</record>