
		<record>
			<recordSchema>marcxml</recordSchema>
			<recordPacking>xml</recordPacking>
			<recordData>
				<record xmlns="http://www.loc.gov/MARC21/slim">
					<leader>03101nam a2200853 ca4500</leader>
					<controlfield tag="001">991101771719705501</controlfield>
					<controlfield tag="005">20201229232415.0</controlfield>
					<controlfield tag="008">201011s2001    gw            00| | ger^^</controlfield>
					<datafield ind1=" " ind2=" " tag="020">
						<subfield code="a">3406471560</subfield>
						<subfield code="c">(Architektur und Sculptur)</subfield>
					</datafield>
					<datafield ind1=" " ind2=" " tag="020">
						<subfield code="a">3406471692</subfield>
						<subfield code="c">(Malerei)</subfield>
					</datafield>
					<datafield ind1=" " ind2=" " tag="035">
						<subfield code="a">(swissbib)214830780-41slsp_network</subfield>
					</datafield>
					<datafield ind1=" " ind2=" " tag="035">
						<subfield code="a">214830780</subfield>
						<subfield code="9">ExL</subfield>
					</datafield>
					<datafield ind1=" " ind2=" " tag="035">
						<subfield code="a">(NEBIS)004187077EBI01</subfield>
					</datafield>
					<datafield ind1=" " ind2=" " tag="035">
						<subfield code="a">(IDSLU)000357358ILU01</subfield>
					</datafield>
					<datafield ind1=" " ind2=" " tag="035">
						<subfield code="a">(IDSBB)002399077DSV01</subfield>
					</datafield>
					<datafield ind1=" " ind2=" " tag="040">
						<subfield code="a">SzZuIDS NEBIS SIK</subfield>
						<subfield code="d">CH-ZuSLS</subfield>
					</datafield>
					<datafield ind1=" " ind2="7" tag="072">
						<subfield code="a">630</subfield>
						<subfield code="2">IDS LU</subfield>
					</datafield>
					<datafield ind1=" " ind2="7" tag="072">
						<subfield code="a">kh</subfield>
						<subfield code="2">SzZuIDS BS/BE</subfield>
					</datafield>
					<datafield ind1="0" ind2="0" tag="082">
						<subfield code="a">909</subfield>
						<subfield code="2">23</subfield>
					</datafield>
					<datafield ind1="0" ind2="4" tag="082">
						<subfield code="a">709.45</subfield>
						<subfield code="2">21</subfield>
					</datafield>
					<datafield ind1="1" ind2="4" tag="082">
						<subfield code="a">914.5</subfield>
						<subfield code="2">21</subfield>
					</datafield>
					<datafield ind1=" " ind2=" " tag="084">
						<subfield code="a">9,10</subfield>
						<subfield code="2">ssgn</subfield>
					</datafield>
					<datafield ind1=" " ind2=" " tag="084">
						<subfield code="a">CG 2100</subfield>
						<subfield code="2">rvk</subfield>
					</datafield>
					<datafield ind1=" " ind2=" " tag="084">
						<subfield code="a">LH 64840</subfield>
						<subfield code="2">rvk</subfield>
					</datafield>
					<datafield ind1=" " ind2=" " tag="084">
						<subfield code="a">NB 6128</subfield>
						<subfield code="2">rvk</subfield>
					</datafield>
					<datafield ind1="1" ind2=" " tag="100">
						<subfield code="a">Burckhardt, Jacob</subfield>
						<subfield code="d">1818-1897</subfield>
						<subfield code="0">(DE-588)11851752X</subfield>
					</datafield>
					<datafield ind1="1" ind2="0" tag="245">
						<subfield code="a">&lt;&lt;Der&gt;&gt; Cicerone</subfield>
						<subfield code="b">eine Anleitung zum Genuss der Kunstwerke Italiens</subfield>
						<subfield code="c">Jacob Burckhardt ; hrsg. von Bernd Roeck ... [et al.]</subfield>
					</datafield>
					<datafield ind1=" " ind2="1" tag="264">
						<subfield code="a">München</subfield>
						<subfield code="b">Beck</subfield>
						<subfield code="c">2001</subfield>
					</datafield>
					<datafield ind1=" " ind2=" " tag="300">
						<subfield code="a">2 Teile (827 S. ; 504 S.)</subfield>
						<subfield code="c">23 cm</subfield>
					</datafield>
					<datafield ind1=" " ind2=" " tag="336">
						<subfield code="b">txt</subfield>
						<subfield code="2">rdacontent</subfield>
					</datafield>
					<datafield ind1=" " ind2=" " tag="337">
						<subfield code="b">n</subfield>
						<subfield code="2">rdamedia</subfield>
					</datafield>
					<datafield ind1=" " ind2=" " tag="338">
						<subfield code="b">nc</subfield>
						<subfield code="2">rdacarrier</subfield>
					</datafield>
					<datafield ind1="1" ind2=" " tag="490">
						<subfield code="a">Werke / Jacob Burckhardt</subfield>
						<subfield code="v">Band 2-3</subfield>
					</datafield>
					<datafield ind1="0" ind2="0" tag="505">
						<subfield code="g">[1]</subfield>
						<subfield code="t">Architektur und Sculptur</subfield>
					</datafield>
					<datafield ind1="0" ind2="0" tag="505">
						<subfield code="g">[2]</subfield>
						<subfield code="t">Malerei</subfield>
					</datafield>
					<datafield ind1="1" ind2="7" tag="600">
						<subfield code="a">Burckhardt, Jacob</subfield>
						<subfield code="d">1818-1897</subfield>
						<subfield code="0">(DE-588)11851752X</subfield>
						<subfield code="2">gnd</subfield>
					</datafield>
					<datafield ind1=" " ind2="7" tag="648">
						<subfield code="a">Geschichte</subfield>
						<subfield code="2">gnd</subfield>
					</datafield>
					<datafield ind1=" " ind2="7" tag="648">
						<subfield code="a">Geschichte 500 v. Chr</subfield>
						<subfield code="2">gnd</subfield>
					</datafield>
					<datafield ind1=" " ind2="7" tag="648">
						<subfield code="a">Geschichte</subfield>
						<subfield code="2">idszbz</subfield>
					</datafield>
					<datafield ind1=" " ind2="7" tag="650">
						<subfield code="a">Antike</subfield>
						<subfield code="0">(DE-588)4068754-5</subfield>
						<subfield code="2">gnd</subfield>
					</datafield>
					<datafield ind1=" " ind2="7" tag="650">
						<subfield code="a">Architektur</subfield>
						<subfield code="0">(DE-588)4002851-3</subfield>
						<subfield code="2">gnd</subfield>
					</datafield>
					<datafield ind1=" " ind2="7" tag="650">
						<subfield code="a">Barock</subfield>
						<subfield code="0">(DE-588)4004541-9</subfield>
						<subfield code="2">gnd</subfield>
					</datafield>
					<datafield ind1=" " ind2="7" tag="650">
						<subfield code="a">Kunst</subfield>
						<subfield code="0">(DE-588)4114333-4</subfield>
						<subfield code="2">gnd</subfield>
					</datafield>
					<datafield ind1=" " ind2="7" tag="650">
						<subfield code="a">Malerei</subfield>
						<subfield code="0">(DE-588)4037220-0</subfield>
						<subfield code="2">gnd</subfield>
					</datafield>
					<datafield ind1=" " ind2="7" tag="650">
						<subfield code="a">Mittelalter</subfield>
						<subfield code="0">(DE-588)4129108-6</subfield>
						<subfield code="2">gnd</subfield>
					</datafield>
					<datafield ind1=" " ind2="7" tag="650">
						<subfield code="a">Plastik</subfield>
						<subfield code="0">(DE-588)4046277-8</subfield>
						<subfield code="2">gnd</subfield>
					</datafield>
					<datafield ind1=" " ind2="7" tag="650">
						<subfield code="a">Renaissance</subfield>
						<subfield code="0">(DE-588)4049450-0</subfield>
						<subfield code="2">gnd</subfield>
					</datafield>
					<datafield ind1=" " ind2="7" tag="650">
						<subfield code="a">Architektur</subfield>
						<subfield code="2">idszbz</subfield>
					</datafield>
					<datafield ind1=" " ind2="7" tag="650">
						<subfield code="a">Malerei</subfield>
						<subfield code="2">idszbz</subfield>
					</datafield>
					<datafield ind1=" " ind2="7" tag="650">
						<subfield code="a">Plastik</subfield>
						<subfield code="2">idszbz</subfield>
					</datafield>
					<datafield ind1=" " ind2="0" tag="650">
						<subfield code="a">Aesthetics</subfield>
					</datafield>
					<datafield ind1=" " ind2="0" tag="650">
						<subfield code="a">Architecture, Italian</subfield>
					</datafield>
					<datafield ind1=" " ind2="0" tag="650">
						<subfield code="a">Architecture</subfield>
						<subfield code="z">Italy</subfield>
					</datafield>
					<datafield ind1=" " ind2="0" tag="650">
						<subfield code="a">Art criticism</subfield>
					</datafield>
					<datafield ind1=" " ind2="0" tag="650">
						<subfield code="a">Art, Italian</subfield>
					</datafield>
					<datafield ind1=" " ind2="0" tag="650">
						<subfield code="a">Art</subfield>
						<subfield code="z">Italy</subfield>
					</datafield>
					<datafield ind1=" " ind2="0" tag="650">
						<subfield code="a">Art</subfield>
						<subfield code="z">Italy</subfield>
						<subfield code="x">History</subfield>
					</datafield>
					<datafield ind1=" " ind2="0" tag="650">
						<subfield code="a">Civilization</subfield>
					</datafield>
					<datafield ind1=" " ind2="7" tag="650">
						<subfield code="a">ARCHITEKTUR</subfield>
						<subfield code="9">ger</subfield>
						<subfield code="0">(ETHUDK)000035449</subfield>
						<subfield code="2">ethudk</subfield>
					</datafield>
					<datafield ind1=" " ind2="7" tag="650">
						<subfield code="a">GESAMMELTE WERKE EINZELNER VERFASSER</subfield>
						<subfield code="9">ger</subfield>
						<subfield code="0">(ETHUDK)000009346</subfield>
						<subfield code="2">ethudk</subfield>
					</datafield>
					<datafield ind1=" " ind2="7" tag="650">
						<subfield code="a">SKULPTUREN + STATUEN + BÜSTEN (BILDHAUEREI)</subfield>
						<subfield code="9">ger</subfield>
						<subfield code="0">(ETHUDK)000035758</subfield>
						<subfield code="2">ethudk</subfield>
					</datafield>
					<datafield ind1=" " ind2="7" tag="650">
						<subfield code="a">TAFELMALEREI + ALTARBILDER</subfield>
						<subfield code="9">ger</subfield>
						<subfield code="0">(ETHUDK)000035855</subfield>
						<subfield code="2">ethudk</subfield>
					</datafield>
					<datafield ind1=" " ind2="7" tag="651">
						<subfield code="a">Italien</subfield>
						<subfield code="2">idszbz</subfield>
					</datafield>
					<datafield ind1=" " ind2="7" tag="651">
						<subfield code="a">Italien</subfield>
						<subfield code="0">(DE-588)4027833-5</subfield>
						<subfield code="2">gnd</subfield>
					</datafield>
					<datafield ind1=" " ind2="7" tag="655">
						<subfield code="a">Führer</subfield>
						<subfield code="2">idszbz</subfield>
					</datafield>
					<datafield ind1=" " ind2="7" tag="655">
						<subfield code="a">Kunstführer</subfield>
						<subfield code="2">gnd-content</subfield>
					</datafield>
					<datafield ind1=" " ind2=" " tag="690">
						<subfield code="a">Italien. Architektur. Renaissance</subfield>
						<subfield code="2">uzb-US</subfield>
					</datafield>
					<datafield ind1=" " ind2=" " tag="690">
						<subfield code="a">Italien. Plastik. Renaissance</subfield>
						<subfield code="2">uzb-US</subfield>
					</datafield>
					<datafield ind1=" " ind2=" " tag="690">
						<subfield code="a">Italien. Malerei. Renaissance</subfield>
						<subfield code="2">uzb-US</subfield>
					</datafield>
					<datafield ind1=" " ind2=" " tag="690">
						<subfield code="a">Burckhardt, Jacob</subfield>
						<subfield code="2">ubs-AC</subfield>
					</datafield>
					<datafield ind1=" " ind2=" " tag="691">
						<subfield code="e">3.5.3.3.1</subfield>
						<subfield code="2">ubs-FA</subfield>
					</datafield>
					<datafield ind1="1" ind2=" " tag="700">
						<subfield code="a">Roeck, Bernd</subfield>
						<subfield code="d">1953-</subfield>
						<subfield code="0">(DE-588)120854325</subfield>
					</datafield>
					<datafield ind1="1" ind2=" " tag="800">
						<subfield code="a">Burckhardt, Jacob</subfield>
						<subfield code="d">1818-1897</subfield>
						<subfield code="t">Werke</subfield>
						<subfield code="v">2-3</subfield>
						<subfield code="w">(IDSBB)002027441DSV01</subfield>
					</datafield>
					<datafield ind1="0" ind2="1" tag="852">
						<subfield code="a">41SLSP_RZH</subfield>
						<subfield code="6">990041870770205526</subfield>
						<subfield code="9">P</subfield>
					</datafield>
					<datafield ind1="0" ind2="1" tag="852">
						<subfield code="a">41SLSP_UZB</subfield>
						<subfield code="6">990041870770205508</subfield>
						<subfield code="9">P</subfield>
					</datafield>
					<datafield ind1="0" ind2="1" tag="852">
						<subfield code="a">41SLSP_UBE</subfield>
						<subfield code="6">99116816776105511</subfield>
						<subfield code="9">P</subfield>
					</datafield>
					<datafield ind1="0" ind2="1" tag="852">
						<subfield code="a">41SLSP_RZS</subfield>
						<subfield code="6">993573580105505</subfield>
						<subfield code="9">P</subfield>
					</datafield>
					<datafield ind1="0" ind2="1" tag="852">
						<subfield code="a">41SLSP_ZBS</subfield>
						<subfield code="6">9923990770105528</subfield>
						<subfield code="9">P</subfield>
					</datafield>
					<datafield ind1="0" ind2="1" tag="852">
						<subfield code="a">41SLSP_UBS</subfield>
						<subfield code="6">9923990770105504</subfield>
						<subfield code="9">P</subfield>
					</datafield>
					<datafield ind1=" " ind2=" " tag="900">
						<subfield code="a">IDSZ2zbzmon200304l</subfield>
						<subfield code="c">IDSZ2emme</subfield>
						<subfield code="d">IDSZ2zbzswk200310b</subfield>
						<subfield code="e">IDSZ2kotr</subfield>
					</datafield>
				</record>
			</recordData>
			<recordIdentifier>991101771719705501</recordIdentifier>
			<recordPosition>8</recordPosition>
		</record>