
		<record>
			<recordSchema>marcxml</recordSchema>
			<recordPacking>xml</recordPacking>
			<recordData>
				<record xmlns="http://www.loc.gov/MARC21/slim">
					<leader>02886nam a2200733 c 4500</leader>
					<controlfield tag="001">991043195259705501</controlfield>
					<controlfield tag="005">20201231095640.0</controlfield>
					<controlfield tag="008">201012s2006    gw            00| | ger^^</controlfield>
					<datafield ind1=" " ind2=" " tag="020">
						<subfield code="a">9783406550362</subfield>
					</datafield>
					<datafield ind1=" " ind2=" " tag="020">
						<subfield code="a">3406550363</subfield>
					</datafield>
					<datafield ind1=" " ind2=" " tag="035">
						<subfield code="a">(swissbib)236766465-41slsp_network</subfield>
					</datafield>
					<datafield ind1=" " ind2=" " tag="035">
						<subfield code="a">236766465</subfield>
						<subfield code="9">ExL</subfield>
					</datafield>
					<datafield ind1=" " ind2=" " tag="035">
						<subfield code="a">(IDSBB)003984289DSV01</subfield>
					</datafield>
					<datafield ind1=" " ind2=" " tag="035">
						<subfield code="a">(IDSLU)000501719ILU01</subfield>
					</datafield>
					<datafield ind1=" " ind2=" " tag="035">
						<subfield code="a">(NEBIS)005243996EBI01</subfield>
					</datafield>
					<datafield ind1=" " ind2=" " tag="035">
						<subfield code="a">(IDSSG)000504262HSB01</subfield>
					</datafield>
					<datafield ind1=" " ind2=" " tag="040">
						<subfield code="a">SzZuIDS BS/BE A348</subfield>
						<subfield code="e">kids</subfield>
						<subfield code="d">CH-ZuSLS</subfield>
					</datafield>
					<datafield ind1=" " ind2="7" tag="072">
						<subfield code="a">kh</subfield>
						<subfield code="2">SzZuIDS BS/BE</subfield>
					</datafield>
					<datafield ind1=" " ind2="7" tag="072">
						<subfield code="a">gw</subfield>
						<subfield code="2">SzZuIDS BS/BE</subfield>
					</datafield>
					<datafield ind1=" " ind2="7" tag="072">
						<subfield code="a">460</subfield>
						<subfield code="2">IDS LU</subfield>
					</datafield>
					<datafield ind1="0" ind2="4" tag="082">
						<subfield code="a">909</subfield>
						<subfield code="2">23</subfield>
					</datafield>
					<datafield ind1="0" ind2="4" tag="082">
						<subfield code="a">759.04</subfield>
						<subfield code="2">22</subfield>
					</datafield>
					<datafield ind1="0" ind2="4" tag="082">
						<subfield code="a">834</subfield>
						<subfield code="2">21</subfield>
					</datafield>
					<datafield ind1="1" ind2="4" tag="082">
						<subfield code="a">759.9493</subfield>
						<subfield code="2">21</subfield>
					</datafield>
					<datafield ind1=" " ind2=" " tag="084">
						<subfield code="a">9,10</subfield>
						<subfield code="2">ssgn</subfield>
					</datafield>
					<datafield ind1=" " ind2=" " tag="084">
						<subfield code="a">NB 6128</subfield>
						<subfield code="2">rvk</subfield>
					</datafield>
					<datafield ind1=" " ind2=" " tag="084">
						<subfield code="a">NB 6129</subfield>
						<subfield code="2">rvk</subfield>
					</datafield>
					<datafield ind1=" " ind2=" " tag="084">
						<subfield code="a">LO 10355</subfield>
						<subfield code="2">rvk</subfield>
					</datafield>
					<datafield ind1="1" ind2=" " tag="100">
						<subfield code="a">Burckhardt, Jacob</subfield>
						<subfield code="d">1818-1897</subfield>
						<subfield code="0">(DE-588)11851752X</subfield>
					</datafield>
					<datafield ind1="1" ind2="0" tag="245">
						<subfield code="a">Erinnerungen aus Rubens</subfield>
						<subfield code="c">Jacob Burckhardt ; aus dem Nachlass hrsg. von Edith Struchholz und Martin Warnke</subfield>
					</datafield>
					<datafield ind1=" " ind2="1" tag="264">
						<subfield code="a">München</subfield>
						<subfield code="b">Beck</subfield>
						<subfield code="c">2006</subfield>
						<subfield code="a">Basel</subfield>
						<subfield code="b">Schwabe</subfield>
					</datafield>
					<datafield ind1=" " ind2=" " tag="300">
						<subfield code="a">275 S.</subfield>
						<subfield code="c">23 cm</subfield>
					</datafield>
					<datafield ind1=" " ind2=" " tag="336">
						<subfield code="b">txt</subfield>
						<subfield code="2">rdacontent</subfield>
					</datafield>
					<datafield ind1=" " ind2=" " tag="337">
						<subfield code="b">n</subfield>
						<subfield code="2">rdamedia</subfield>
					</datafield>
					<datafield ind1=" " ind2=" " tag="338">
						<subfield code="b">nc</subfield>
						<subfield code="2">rdacarrier</subfield>
					</datafield>
					<datafield ind1="1" ind2=" " tag="490">
						<subfield code="a">Werke / Jacob Burckhardt</subfield>
						<subfield code="v">Bd. 11</subfield>
					</datafield>
					<datafield ind1="1" ind2="7" tag="600">
						<subfield code="a">Rubens, Peter P</subfield>
						<subfield code="2">idszbz</subfield>
					</datafield>
					<datafield ind1="1" ind2="0" tag="600">
						<subfield code="a">Rubens, Peter Paul</subfield>
						<subfield code="d">1577-1640</subfield>
						<subfield code="x">Criticism and interpretation</subfield>
					</datafield>
					<datafield ind1="1" ind2="7" tag="600">
						<subfield code="a">Burckhardt, Jacob</subfield>
						<subfield code="d">1818-1897</subfield>
						<subfield code="0">(DE-588)11851752X</subfield>
						<subfield code="2">gnd</subfield>
					</datafield>
					<datafield ind1="1" ind2="7" tag="600">
						<subfield code="a">Rubens, Peter Paul</subfield>
						<subfield code="d">1577-1640</subfield>
						<subfield code="0">(DE-588)11860354X</subfield>
						<subfield code="2">gnd</subfield>
					</datafield>
					<datafield ind1=" " ind2="7" tag="648">
						<subfield code="a">Geschichte 1577</subfield>
						<subfield code="2">gnd</subfield>
					</datafield>
					<datafield ind1=" " ind2="7" tag="650">
						<subfield code="a">Kunst</subfield>
						<subfield code="0">(DE-588)4114333-4</subfield>
						<subfield code="2">gnd</subfield>
					</datafield>
					<datafield ind1=" " ind2="0" tag="650">
						<subfield code="a">Aesthetics</subfield>
					</datafield>
					<datafield ind1=" " ind2="0" tag="650">
						<subfield code="a">Art criticism</subfield>
					</datafield>
					<datafield ind1=" " ind2="0" tag="650">
						<subfield code="a">Art, Italian</subfield>
					</datafield>
					<datafield ind1=" " ind2="7" tag="650">
						<subfield code="a">BAROCKE MALEREI</subfield>
						<subfield code="9">ger</subfield>
						<subfield code="0">(ETHUDK)000046249</subfield>
						<subfield code="2">ethudk</subfield>
					</datafield>
					<datafield ind1=" " ind2="7" tag="650">
						<subfield code="a">KUNSTGESCHICHTE</subfield>
						<subfield code="9">ger</subfield>
						<subfield code="0">(ETHUDK)000035233</subfield>
						<subfield code="2">ethudk</subfield>
					</datafield>
					<datafield ind1=" " ind2="7" tag="655">
						<subfield code="a">Biografie</subfield>
						<subfield code="2">gnd-content</subfield>
					</datafield>
					<datafield ind1=" " ind2="7" tag="655">
						<subfield code="a">Biographie</subfield>
						<subfield code="2">idszbz</subfield>
					</datafield>
					<datafield ind1=" " ind2=" " tag="690">
						<subfield code="a">Rubens, Peter Paul</subfield>
						<subfield code="2">ubs-A5</subfield>
					</datafield>
					<datafield ind1=" " ind2=" " tag="690">
						<subfield code="a">Burckhardt, Jacob</subfield>
						<subfield code="2">ubs-AC</subfield>
					</datafield>
					<datafield ind1=" " ind2=" " tag="690">
						<subfield code="a">Rubens, Peter Paul. Besondere Aspekte</subfield>
						<subfield code="2">uzb-US</subfield>
					</datafield>
					<datafield ind1=" " ind2=" " tag="690">
						<subfield code="a">Burckhardt, Jacob</subfield>
						<subfield code="2">uzb-US</subfield>
					</datafield>
					<datafield ind1=" " ind2=" " tag="690">
						<subfield code="a">Register; Erinnerung; Sammlung; Burckhardt; Beck; Kommentar; Literatur; Übersicht; Museum; Basel</subfield>
						<subfield code="2">idssg-J</subfield>
					</datafield>
					<datafield ind1=" " ind2=" " tag="690">
						<subfield code="a">Ortsregister; Personenregister; Sachregister; Werkregister; Inhaltsübersicht</subfield>
						<subfield code="2">idssg-J</subfield>
					</datafield>
					<datafield ind1=" " ind2=" " tag="690">
						<subfield code="a">editorisches Nachwort; textkritische Anmerkung</subfield>
						<subfield code="2">idssg-J</subfield>
					</datafield>
					<datafield ind1=" " ind2=" " tag="690">
						<subfield code="a">Deutschland C4EUGE; Schweiz C4EXSI</subfield>
						<subfield code="2">idssg-J</subfield>
					</datafield>
					<datafield ind1=" " ind2=" " tag="690">
						<subfield code="a">Beck; Edith Struchholz; Jacob Burckhardt; Martin Warnke; Rubens; Schwabe Basel; St. C. H</subfield>
						<subfield code="2">idssg-J</subfield>
					</datafield>
					<datafield ind1=" " ind2=" " tag="691">
						<subfield code="e">3.5.3.3.1</subfield>
						<subfield code="2">ubs-FA</subfield>
					</datafield>
					<datafield ind1="1" ind2=" " tag="700">
						<subfield code="a">Warnke, Martin</subfield>
						<subfield code="d">1937-2019</subfield>
						<subfield code="0">(DE-588)11586055X</subfield>
					</datafield>
					<datafield ind1="1" ind2=" " tag="700">
						<subfield code="a">Struchholz, Edith</subfield>
						<subfield code="d">1961-</subfield>
						<subfield code="0">(DE-588)114017581</subfield>
					</datafield>
					<datafield ind1="4" ind2=" " tag="856">
						<subfield code="u">http://unisg.link/hm00265024</subfield>
						<subfield code="z">Inhaltsverzeichnis</subfield>
					</datafield>
					<datafield ind1="1" ind2=" " tag="800">
						<subfield code="a">Burckhardt, Jacob</subfield>
						<subfield code="d">1818-1897</subfield>
						<subfield code="t">Werke</subfield>
						<subfield code="v">11</subfield>
						<subfield code="w">(IDSLU)000279112ILU01</subfield>
					</datafield>
					<datafield ind1="0" ind2="1" tag="852">
						<subfield code="a">41SLSP_RZH</subfield>
						<subfield code="6">990052439960205526</subfield>
						<subfield code="9">P</subfield>
					</datafield>
					<datafield ind1="0" ind2="1" tag="852">
						<subfield code="a">41SLSP_UZB</subfield>
						<subfield code="6">990052439960205508</subfield>
						<subfield code="9">P</subfield>
					</datafield>
					<datafield ind1="0" ind2="1" tag="852">
						<subfield code="a">41SLSP_HSG</subfield>
						<subfield code="6">995042620105506</subfield>
						<subfield code="9">P</subfield>
					</datafield>
					<datafield ind1="0" ind2="1" tag="852">
						<subfield code="a">41SLSP_UBE</subfield>
						<subfield code="6">99116822698305511</subfield>
						<subfield code="9">P</subfield>
					</datafield>
					<datafield ind1="0" ind2="1" tag="852">
						<subfield code="a">41SLSP_RZS</subfield>
						<subfield code="6">995017190105505</subfield>
						<subfield code="9">P</subfield>
					</datafield>
					<datafield ind1="0" ind2="1" tag="852">
						<subfield code="a">41SLSP_ZBS</subfield>
						<subfield code="6">9939842890105528</subfield>
						<subfield code="9">P</subfield>
					</datafield>
					<datafield ind1="0" ind2="1" tag="852">
						<subfield code="a">41SLSP_UBS</subfield>
						<subfield code="6">9939842890105504</subfield>
						<subfield code="9">P</subfield>
					</datafield>
					<datafield ind1=" " ind2=" " tag="900">
						<subfield code="a">IDSZ2zbzmon200610l</subfield>
						<subfield code="c">IDSZ2haab</subfield>
						<subfield code="d">IDSZ2zbzswk200611b</subfield>
						<subfield code="e">IDSZ2kupp</subfield>
					</datafield>
				</record>
			</recordData>
			<recordIdentifier>991043195259705501</recordIdentifier>
			<recordPosition>10</recordPosition>
		</record>
	</records>
	<nextRecordPosition>11</nextRecordPosition>
	<extraResponseData xmlns:xb="http://www.exlibris.com/repository/search/xmlbeans/">
		<xb:exact>true</xb:exact>
		<xb:responseDate>2022-10-11T15:21:18+0200</xb:responseDate>
	</extraResponseData>
</searchRetrieveResponse>
